@misc{BIM:HybridRISC,
	author	= "Iain Mcnally",
	title	= "Example RISC",
	howpublished = "{https://secure.ecs.soton.ac.uk/notes/bim/notes/fcde/assign/pdf/superrisc.pdf}",
	note	= "last viewed on 15/02/2014"
}
@misc{Wiki:M68k,
	author	= "Wikipedia",
	title	= "Motorola 68000",
	howpublished = "{http://en.wikipedia.org/wiki/Motorola_68000}",
	note	= "last viewed on 15/02/2014"
}
@misc{Wiki:DLNMOS,
	author	= "Wikipedia",
	title	= "Depletion-load NMOS logic",
	howpublished = "{http://en.wikipedia.org/wiki/Depletion-load_NMOS_logic}",
	note	= "last viewed on 15/02/2014"
}
@misc{Wiki:ARM11,
	author	= "Wikipedia",
	title	= "ARM11",
	howpublished = "{http://en.wikipedia.org/wiki/ARM11}",
	note	= "last viewed on 15/02/2014"
}
@misc{Ohio:ISAs,
	author	= "Srinivasan Parthasarathy",
	title	= "Chapter 2 Instruction set Principles",
	howpublished = "{http://www.cse.ohio-state.edu/~srini/775/Ch2.ppt}",
	note	= "last viewed on 15/02/2014"
}
@misc{Wash:AlphaAnalysis,
	author	= "Susan Eggers",
	title	= "An Analysis of the Alpha Instructions Set Architecture",
	howpublished = "{http://courses.cs.washington.edu/courses/cse471/06sp/hw/analysis_alpha.pdf}",
	note	= "last viewed on 15/02/2014"
}
@manual{MIPS:ISAMan,
	title	= "MIPS32 Architecture For Programmers Volume II: The MIPS32 Instruction Set",
	author	= "MIPS Technologies",
	organization = "MIPS Technologies",
	address	= "MIPS Technologies Inc. 1225 Charleston Road, Mountain View, CA 94043-1353",
	edition	= "2.00",
	month	= "June",
	year	= "2003",
	note	= ""
}
@book{MIPS:Book,
    author    = "David A. Patterson and John L. Hennessy",
    title     = "Computer Organization and Design",
    publisher = "Morgan Kaufmann Publishers Inc.",
    volume   = "",
    number   = "",
    series   = "",
    address  = "",
    edition  = "2nd",
    year      = "1998",
    month    = "",
    note     = "",
}
@misc{ARM:TexasISA,
	author	= "Mark McDermott",
	title	= "The ARM Instruction Set Architecture",
	howpublished = "{http://users.ece.utexas.edu/~valvano/EE345M/Arm_EE382N_4.pdf}",
	note	= "last viewed on 15/02/2014"
}
@manual{ARM:Thumb,
	title	= "Thumb Instruction Set",
	author	= "ARM Limited",
	organization = "ARM Limited",
	address	= "",
	edition	= "",
	month	= "",
	year	= "",
	note	= ""
}