@article{greenwade93,
    author  = "George D. Greenwade",
    title   = "The {C}omprehensive {T}ex {A}rchive {N}etwork ({CTAN})",
    year    = "1993",
    journal = "TUGBoat",
    volume  = "14",
    number  = "3",
    pages   = "342--351"
}
@online{wiki:OrthogonalIS,
	author	= "Wikipedia",
	title	= "Orthogonal instruction set",
	url		= "http://en.wikipedia.org/wiki/Orthogonal_instruction_set"
	note	= "last viewed on 11/01/2014"	
}