@unpublished{Intel8:Online,
title = {Intel 8086},
author = {Wikipedia},
url = {http://en.wikipedia.org/wiki/Intel_8086#Details},
note = {(Visited on 14/02/2014)}
}

@unpublished{Corte7:Online,
title = {Cortex-M0 processor: small and powerful},
author = {{Electronics Engineering Herald}},
year = {2006},
url = {http://www.eeherald.com/section/design-guide/esmod5cortexm0.html},
note = {(Visited on 14/02/2014)}
}

@unpublished{C0:Online,
title = {ARM Cortex-M},
author = {Wikipedia},
url = {http://en.wikipedia.org/wiki/ARM_Cortex-M},
note = {(Visited on 14/02/2014)}
}


@unpublished{Statu2:Online,
title = {Status register},
author = {Wikipedia},
url = {http://en.wikipedia.org/wiki/Status_register},
note = {(Visited on 14/02/2014)}
}

@unpublished{A5:Online,
title = {AMD Am29000},
author = {Wikipedia},
url = {http://en.wikipedia.org/wiki/AMD_29000},
note = {(Visited on 14/02/2014)}
}

@unpublished{www.c2:Online,
title = {www.csi.ucd.ie/staff/jcarthy/home/alp/8086Registers.pdf},
author = {Joe Carthy},
institution = {UCD School of Computer Science and Informatics},
url = {http://www.csi.ucd.ie/staff/jcarthy/home/alp/8086Registers.pdf},
note = {(Visited on 14/02/2014)}
}

@unpublished{Amber8:Online,
title = {Amber (processor core)},
author = {Wikipedia},
url = {http://en.wikipedia.org/wiki/Amber_(processor_core)},
note = {(Visited on 14/02/2014)}
}

@unpublished{infoc1:Online,
title = {{ARM} Thumb2 instruction set},
url = {http://infocenter.arm.com/help/topic/com.arm.doc.qrc0001m/QRC0001_UAL.pdf},
note = {(Visited on 14/02/2014)}
}

@unpublished{infoc8:Online,
title = {{ARM} Thumb instruction set},
url = {http://infocenter.arm.com/help/topic/com.arm.doc.qrc0006e/QRC0006_UAL16.pdf},
note = {(Visited on 14/02/2014)}
}

@unpublished{I2:Online,
title = {ARM Information Center},
url = {http://infocenter.arm.com/help/index.jsp?topic=/com.arm.doc.ddi0432c/CHDCICDF.html},
note = {(Visited on 14/02/2014)}
}
@unpublished{I2:Onlines,
title = {ARM Information Center},
url = {http://infocenter.arm.com/help/index.jsp?topic=/com.arm.doc.ddi0338g/ch01s02s01.html},
note = {(Visited on 14/02/2014)}
}

@unpublished{8:Online,
title = {8086 assembler tutorial for beginners (part 7)},
url = {http://www.itipacinotti.it/pagine/sistemi2008/documentation_emulator/asm_tutorial_07.html},
note = {(Visited on 14/02/2014)}
}

@unpublished{3:Online,
title = {MIPS architecture},
author = {Wikipedia},
url = {http://en.wikipedia.org/wiki/MIPS_architecture#History},
note = {(Visited on 14/02/2014)}
}

hello 
aorld
