% <+Last Edited: Thu 13 Feb 2014 22:57:22 GMT by seblovett on seblovett-Ubuntu +>
@online{ARM:Flags,
author = {{ARM Holdings}},
title = {ARM Information Centre - Updates to the ALU status flags},
month = February,
year = {2014},
url = {http://infocenter.arm.com/help/index.jsp?topic=/com.arm.doc.dui0473c/Chdijedg.html}
}
@online{ARM:Thumb,
author = {{ARM Holdings}},
title = {{ARM7TDMI Data Sheet}},
month = February,
year = {2014},
url = {https://ece.uwaterloo.ca/~ece222/ARM/ARM7-TDMI-manual-pt3.pdf}
}

@online{ARM:CortexM0,
author = {{ARM Holdings}},
title = {{Cortex M0 Processor- ARM}},
month = February,
year = {2014},
url = {http://www.arm.com/products/processors/cortex-m/cortex-m0.php}
}

@online{ARM:TSTTEQ,
author = {{ARM Holdings}},
title = {{TST and TEQ}},
url = {http://infocenter.arm.com/help/index.jsp?topic=/com.arm.doc.dui0204j/Cihcdehh.html},
note = {(Visited on 12/02/2014)},
year = {2014}
}

@online{ARM:CMPCMN,
author = {{ARM Holdings}},
title = {{CMP and CMN}},
url = {http://infocenter.arm.com/help/index.jsp?topic=/com.arm.doc.dui0204j/Cihcdehh.html},
note = {(Visited on 12/02/2014)},
year = {2014}
}

@online{ARM:conditioncodes,
author = {{ARM Holdings}},
title = {Conditional execution},
url = {http://infocenter.arm.com/help/index.jsp?topic=/com.arm.doc.dui0068b/Chdehgih.html},
note = {(Visited on 12/02/2014)},
year = {2014}
}

@online{flag:d,
title = {Direction flag - Wikipedia, the free encyclopedia},
url = {http://en.wikipedia.org/wiki/Direction_flag},
note = {(Visited on 12/02/2014)},
year = {2014}
}

@online{flag:i,
title = {Interrupt flag - Wikipedia, the free encyclopedia},
url = {http://en.wikipedia.org/wiki/IF_(x86_flag)},
note = {(Visited on 12/02/2014)},
year = {2014}
}

@online{flag:t,
title = {Trap flag - Wikipedia, the free encyclopedia},
url = {http://en.wikipedia.org/wiki/Trap_flag},
note = {(Visited on 12/02/2014)},
year = {2014}
}

@online{flag:p,
title = {Parity flag - Wikipedia, the free encyclopedia},
url = {http://en.wikipedia.org/wiki/Parity_flag},
note = {(Visited on 12/02/2014)},
year = {2014}
}

@online{flag:a,
title = {Adjust flag - Wikipedia, the free encyclopedia},
url = {http://en.wikipedia.org/wiki/Auxiliary_flag},
note = {(Visited on 12/02/2014)},
year = {2014}
}

@online{Intel:instructionset,
title = {Complete 8086 Instruction Set},
url = {http://www.gabrielececchetti.it/Teaching/CalcolatoriElettronici/Docs/i8086_instruction_set.pdf},
note = {(Visited on 13/02/2014)},
year = {2014}
}

@online{Intel:condjumps,
title = {8086 Conditional Jump Opcoding},
url = {http://marin.jb.free.fr/jumps/},
note = {(Visited on 13/02/2014)},
year = {2014}
}

@online{Intel:datasheet,
title = {Intel 8086 Datasheet},
url = {http://datasheets.chipdb.org/Intel/x86/808x/datashts/8086/231455-005.pdf},
note = {(Visited on 13/02/2014)},
year = {2014}
}

@techreport{Intel:flags,
title = {{CS-220 - Computer Organization and Assembly Language Programming - Lecture Notes}},
author = {Steaphan Greene},
year = {2003},
note = {{Visted on 13/02/2014}},
institution = {Binghamton University, New York}
}
