@misc{emu8086,
   author  = "Daniel B. Sedory and Randall Hyde and Eric Isaacson and Barry Allyn and Tomasz Grysztar and Saul Coval and Bob Brodt and Jordan Russell and Jeremy Gordonii.",
   title   = "emu8086",
   year    = "2013",
   howpublished = {\url{http://www.emu8086.com/}},
   note = "Online. Acessed Feb 2014." 
}

